<record><leader>00000cas a22000007a 4500</leader><controlfield tag="001">14108839</controlfield><controlfield tag="008">860819d18791887txuuu ne      0    0eng d</controlfield><datafield ind1=" " ind2=" " tag="010"><subfield code="a">sn 86088540 </subfield></datafield><datafield ind1=" " ind2=" " tag="040"><subfield code="a">PPM</subfield><subfield code="b">eng</subfield><subfield code="c">PPM</subfield><subfield code="d">OCLCQ</subfield><subfield code="d">IUA</subfield><subfield code="d">OCLCO</subfield><subfield code="d">OCLCF</subfield></datafield><datafield ind1=" " ind2=" " tag="042"><subfield code="a">msc</subfield></datafield><datafield ind1="0" ind2="0" tag="245"><subfield code="a">Callahan County clarendon.</subfield></datafield><datafield ind1=" " ind2=" " tag="260"><subfield code="a">Baird, Tex. :</subfield><subfield code="b">M.H. Allen</subfield></datafield><datafield ind1=" " ind2=" " tag="300"><subfield code="a">v. ;</subfield><subfield code="c">61 cm.</subfield></datafield><datafield ind1="1" ind2=" " tag="362"><subfield code="a">Began in 1879? Ceased in Dec. 1887.</subfield></datafield><datafield ind1=" " ind2=" " tag="588"><subfield code="a">Description based on: Vol. 8, no. 2 (Apr. 16, 1887).</subfield></datafield><datafield ind1=" " ind2="0" tag="651"><subfield code="a">Callahan County (Tex.)</subfield><subfield code="v">Newspapers.</subfield></datafield><datafield ind1=" " ind2="7" tag="655"><subfield code="a">Newspapers.</subfield><subfield code="2">fast</subfield><subfield code="0">(OCoLC)fst01423814</subfield></datafield><datafield ind1=" " ind2="7" tag="651"><subfield code="a">Texas</subfield><subfield code="z">Callahan County.</subfield><subfield code="2">fast</subfield><subfield code="0">(OCoLC)fst01213123</subfield></datafield><datafield ind1=" " ind2=" " tag="752"><subfield code="a">United States</subfield><subfield code="b">Texas</subfield><subfield code="c">Callahan</subfield><subfield code="d">Baird.</subfield></datafield><datafield ind1="0" ind2="7" tag="785"><subfield code="t">Baird weekly star</subfield><subfield code="w">(DLC)sn 86088025</subfield></datafield><datafield ind1="0" ind2="7" tag="785"><subfield code="t">Baird star</subfield><subfield code="w">(DLC)sn 86088072</subfield></datafield></record>